@mastersthesis{ko2017solving,
    Author = {Ko, Jessica},
    Title = {Solving the Cox Proportional Hazards Model and Its Applications},
    School = {EECS Department, University of California, Berkeley},
    Year = {2017},
    Month = {May},
    URL = {http://www2.eecs.berkeley.edu/Pubs/TechRpts/2017/EECS-2017-110.html},
    Number = {UCB/EECS-2017-110},
}

@article{cox1972regression,
  title={Regression models and life-tables},
  author={Cox, David R},
  journal={Journal of the Royal Statistical Society: Series B (Methodological)},
  volume={34},
  number={2},
  pages={187--202},
  year={1972},
  publisher={Wiley Online Library}
}

@article{tibshirani1997lasso,
  title={The lasso method for variable selection in the Cox model},
  author={Tibshirani, Robert},
  journal={Statistics in medicine},
  volume={16},
  number={4},
  pages={385--395},
  year={1997},
  publisher={Wiley Online Library}
}

@article{simon2011regularization,
  title={Regularization paths for Coxâ€™s proportional hazards model via coordinate descent},
  author={Simon, Noah and Friedman, Jerome and Hastie, Trevor and Tibshirani, Rob},
  journal={Journal of statistical software},
  volume={39},
  number={5},
  pages={1},
  year={2011},
  publisher={NIH Public Access}
}

@Article{Tibshirani2012,
  author    = {Tibshirani, Robert and Bien, Jacob and Friedman, Jerome and Hastie, Trevor and Simon, Noah and Taylor, Jonathan and Tibshirani, Ryan J.},
  title     = {Strong rules for discarding predictors in lasso-type problems},
  journal   = {Journal of the Royal Statistical Society Series B},
  year      = {2012},
  volume    = {74},
  number    = {2},
  pages     = {245--266},
  issn      = {1467-9868},
  publisher = {Blackwell Publishing Ltd},
}

@inproceedings{wang2013lasso,
  title={Lasso screening rules via dual polytope projection},
  author={Wang, Jie and Zhou, Jiayu and Wonka, Peter and Ye, Jieping},
  booktitle={Advances in Neural Information Processing Systems},
  pages={1070--1078},
  year={2013}
}

@InProceedings{wang2014safe,
  author    = {Wang, Jie and Zhou, Jiayu and Liu, Jun and Wonka, Peter and Ye, Jieping},
  title     = {A safe screening rule for sparse logistic regression},
  booktitle = {Advances in Neural Information Processing Systems},
  year      = {2014},
  pages     = {1053--1061},
}

@article{breslow1974covariance,
  title={Covariance analysis of censored survival data},
  author={Breslow, Norman},
  journal={Biometrics},
  pages={89--99},
  year={1974},
  publisher={JSTOR}
}